@Inproceedings
{
author:1,
author={M. Mohammad, Saif and Kiritchenko, Svetlana and Zhu, Xiaodan},
title={{NRC-Canada}: Building the State-of-the-Art in Sentiment Analysis of Tweets},
booktitle={Proceedings of the seventh international workshop on Semantic Evaluation},
year={2014}
}

@Inproceedings
{
author:2,
author={Efthymios Kouloumpis and Theresa Wilson and Johanna Moore},
title={{Twitter Sentiment Analysis: The Good the Bad and the OMG!}},
booktitle={Proceedings of the Fifth International AAAI Conference on Weblogs and Social Media},
year={2011}
}

@Inproceedings
{
author:3,
author={Lingpeng Kong and Nathan Schneider and Swabha Swayamdipta and Archna Bhatia and Chris Dyer and Noah A. Smith},
title={A Dependency Parser for Tweets},
booktitle={Proceedings of the 2014 Conference on Empirical Methods in Natural Language Processing (EMNLP) },
year={2014}
}

@Inproceedings
{
author:4,
author={Chenhao Tang and Lillian Lee and Jie Tang},
title={User-Level Sentiment Analysis Incorporating Social Networks},
booktitle={Proceedings of the 17th ACM SIGKDD international conference on Knowledge discovery and data mining},
year={2011}
}

@Inproceedings
{
author:5,
author={Peter D. Turney},
title={Thumbs up or thumbs down?: semantic orientation applied to unsupervised classification of reviews},
booktitle={ACL '02 Proceedings of the 40th Annual Meeting on Association for Computational Linguistics 417-424},
year={2002}
}

@inproceedings{Pang+Lee+Vaithyanathan:02a,
   author = {Bo Pang and Lillian Lee and Shivakumar Vaithyanathan},
   title = {Thumbs Up? Sentiment Classification Using Machine Learning Techniques},
   year = {2002},
   pages = {79--86},
   booktitle = {Proceedings of EMNLP}
}

@misc
{
url:1,
author = {Marcus Wohlsen},
title = {Don't Worry, {Facebook} Still Has No Clue How You Feel},
howpublished = {\url{http://www.wired.com/2014/07/business-facebook-feelings/}},
year = {2014}, 
note = {Online; accessed 24-March-2015}
}

@misc
{
url:2,
title = {Deeply Moving: Deep Learning for Sentiment Analysis},
howpublished = {\url{http://nlp.stanford.edu/sentiment/}},
note = {Online; accessed 24-March-2015}
}

@book
{
book,
author    = {{Bing Liu}},
title     = {Sentiment Analysis and Opinion Mining},
year      = {2012}
}
